@Article{EventCameras,
author = {Rebecq, H. and Gallego, G. and Mueggler, E. },
title = {EMVS: Event-Based Multi-View Stereo—3D Reconstruction with an Event Camera in Real-Time},
journal = { Int J Comput Vis},
year = {2018},
volume = {126},
pages = {1394 -- 1414}
}



@Article{Sourvey,
  author    = {Guillermo Gallego and
               Tobi Delbr{\"{u}}ck and
               Garrick Orchard and
               Chiara Bartolozzi and
               Brian Taba and
               Andrea Censi and
               Stefan Leutenegger and
               Andrew J. Davison and
               J{\"{o}}rg Conradt and
               Kostas Daniilidis and
               Davide Scaramuzza},
  title     = {Event-based Vision: {A} Survey},
  journal   = {CoRR},
  volume    = {abs/1904.08405},
  year      = {2019},
  url       = {http://arxiv.org/abs/1904.08405},
  archivePrefix = {arXiv},
  eprint    = {1904.08405},
  timestamp = {Mon, 09 Nov 2020 15:07:12 +0100},
  biburl    = {https://dblp.org/rec/journals/corr/abs-1904-08405.bib},
  bibsource = {dblp computer science bibliography, https://dblp.org}
}



@Article{v2e,
      title={v2e: From Video Frames to Realistic DVS Events}, 
      author={Yuhuang Hu and Shih-Chii Liu and Tobi Delbruck},
      year={2021},
      eprint={2006.07722},
      archivePrefix={arXiv},
      primaryClass={cs.CV}
}

@Article{ESIM,
  author        = {Henri Rebecq and Daniel Gehrig and Davide Scaramuzza},
  title         = {{ESIM}: an Open Event Camera Simulator},
  journal       = {Conf. on Robotics Learning (CoRL)},
  year          = 2018,
  month         = oct
}

@ARTICLE{MVSEC,
  author={Zhu, Alex Zihao and Thakur, Dinesh and Özaslan, Tolga and Pfrommer, Bernd and Kumar, Vijay and Daniilidis, Kostas},
  journal={IEEE Robotics and Automation Letters}, 
  title={The Multivehicle Stereo Event Camera Dataset: An Event Camera Dataset for 3D Perception}, 
  year={2018},
  volume={3},
  number={3},
  pages={2032-2039},
  doi={10.1109/LRA.2018.2800793}
}

@article{DBLP:journals/corr/abs-1802-06898,
  author    = {Alex Zihao Zhu and
               Liangzhe Yuan and
               Kenneth Chaney and
               Kostas Daniilidis},
  title     = {EV-FlowNet: Self-Supervised Optical Flow Estimation for Event-based
               Cameras},
  journal   = {CoRR},
  volume    = {abs/1802.06898},
  year      = {2018},
  url       = {http://arxiv.org/abs/1802.06898},
  archivePrefix = {arXiv},
  eprint    = {1802.06898},
  timestamp = {Mon, 13 Aug 2018 16:47:54 +0200},
  biburl    = {https://dblp.org/rec/journals/corr/abs-1802-06898.bib},
  bibsource = {dblp computer science bibliography, https://dblp.org}
}


@article{Stereo-vision_white_paper,
  author={Peter Hilman},
  title={White Paper: Camera Calibration and Stereo Vision},
  site={Square Eyes Software},
  year={2005}
}

